###DeepLearning
@book{Goodfellow-et-al-2016,
    title={Deep Learning},
    author={Ian Goodfellow and Yoshua Bengio and Aaron Courville},
    publisher={MIT Press},
    note={\url{http://www.deeplearningbook.org}},
    year={2016}
}

###History
@inbook{10.5555/65669.104377,
author = {McCulloch, Warren S. and Pitts, Walter},
title = {A Logical Calculus of the Ideas Immanent in Nervous Activity},
year = {1988},
isbn = {0262010976},
publisher = {MIT Press},
address = {Cambridge, MA, USA},
booktitle = {Neurocomputing: Foundations of Research},
pages = {15–27},
numpages = {13}
}
@book{hebb-organization-of-behavior-1949,,
  added-at = {2011-06-02T00:21:57.000+0200},
  address = {New York},
  author = {Hebb, Donald O.},
  biburl = {https://www.bibsonomy.org/bibtex/26432ae617e6db0127c8b197bf760d99e/mhwombat},
  citeulike-article-id = {500649},
  citeulike-linkout-0 = {http://www.amazon.ca/exec/obidos/redirect?tag=citeulike09-20\&path=ASIN/0805843000},
  citeulike-linkout-1 = {http://www.amazon.de/exec/obidos/redirect?tag=citeulike01-21\&path=ASIN/0805843000},
  citeulike-linkout-2 = {http://www.amazon.fr/exec/obidos/redirect?tag=citeulike06-21\&path=ASIN/0805843000},
  citeulike-linkout-3 = {http://www.amazon.jp/exec/obidos/ASIN/0805843000},
  citeulike-linkout-4 = {http://www.amazon.co.uk/exec/obidos/ASIN/0805843000/citeulike00-21},
  citeulike-linkout-5 = {http://www.amazon.com/exec/obidos/redirect?tag=citeulike07-20\&path=ASIN/0805843000},
  citeulike-linkout-6 = {http://www.worldcat.org/isbn/0805843000},
  citeulike-linkout-7 = {http://books.google.com/books?vid=ISBN0805843000},
  citeulike-linkout-8 = {http://www.amazon.com/gp/search?keywords=0805843000\&index=books\&linkCode=qs},
  citeulike-linkout-9 = {http://www.librarything.com/isbn/0805843000},
  day = 15,
  file = {:neural_nets/Hebb 1949.pdf:PDF},
  groups = {public},
  howpublished = {Hardcover},
  interhash = {ba8f8b92a0de2c83bdbcc9d742235a59},
  intrahash = {6432ae617e6db0127c8b197bf760d99e},
  isbn = {0-8058-4300-0},
  keywords = {MSc checked network neural seminal},
  month = jun,
  posted-at = {2006-02-10 16:35:34},
  priority = {2},
  publisher = {Wiley},
  timestamp = {2016-07-12T19:25:30.000+0200},
  title = {The organization of behavior: {A} neuropsychological
                 theory},
  username = {mhwombat},
  year = 1949
}

@book{minsky69perceptrons,
  added-at = {2008-05-16T13:57:01.000+0200},
  address = {Cambridge, MA, USA},
  author = {Minsky, Marvin and Papert, Seymour},
  biburl = {https://www.bibsonomy.org/bibtex/206a5a6751b3e61408455fca2ed8d87fc/sb3000},
  description = {: mf : blob : » bibtex},
  interhash = {d80d4948a422623047f1b800272c0389},
  intrahash = {06a5a6751b3e61408455fca2ed8d87fc},
  keywords = {linear-classification neural-networks seminal},
  publisher = {MIT Press},
  timestamp = {2008-05-16T13:57:02.000+0200},
  title = {Perceptrons: An Introduction to Computational Geometry},
  year = 1969
}
@book{werbos1975beyond,
  title={Beyond Regression: New Tools for Prediction and Analysis in the Behavioral Sciences},
  author={Werbos, P.J.},
  url={https://books.google.de/books?id=z81XmgEACAAJ},
  year={1975},
  publisher={Harvard University}
}



